@article{Aamodt1994,
  title = {Case-{{Based Reasoning}}: {{Foundational Issues}}, {{Methodological Variations}}, and {{System Approaches}}},
  author = {Aamodt, Agnar and Plaza, Enric},
  year = {1994},
  journal = {AI Communications},
  volume = {7},
  number = {1},
  pages = {39--59},
  issn = {09217126},
  doi = {10.3233/AIC-1994-7104}
}

@article{Begum2011,
  title = {Case-{{Based Reasoning Systems}} in the {{Health Sciences}}: {{A Survey}} of {{Recent Trends}} and {{Developments}}},
  author = {Begum, Shahina and Ahmed, Mobyen Uddin and Funk, Peter and Xiong, Ning and Folke, Mia},
  year = {2011},
  month = jul,
  journal = {IEEE Transactions on Systems, Man, and Cybernetics, Part C (Applications and Reviews)},
  volume = {41},
  number = {4},
  pages = {421--434},
  issn = {1094-6977, 1558-2442},
  doi = {10.1109/TSMCC.2010.2071862}
}

@misc{Bellet2014,
  title = {A {{Survey}} on {{Metric Learning}} for {{Feature Vectors}} and {{Structured Data}}},
  author = {Bellet, Aur{\'e}lien and Habrard, Amaury and Sebban, Marc},
  year = {2014},
  month = feb,
  number = {arXiv:1306.6709},
  eprint = {1306.6709},
  primaryclass = {cs, stat},
  publisher = {{arXiv}},
  doi = {10.48550/arXiv.1306.6709},
  archiveprefix = {arxiv}
}

@article{Bichindaritz2006,
  title = {Case-Based Reasoning in the Health Sciences: {{What}}'s Next?},
  author = {Bichindaritz, Isabelle and Marling, Cindy},
  year = {2006},
  month = feb,
  journal = {Artificial Intelligence in Medicine},
  series = {Case-Based Reasoning in the Health Sciences},
  volume = {36},
  number = {2},
  pages = {127--135},
  issn = {0933-3657},
  doi = {10.1016/j.artmed.2005.10.008},
  langid = {english}
}

@book{Biecek2021,
  title = {Explanatory {{Model Analysis}}: {{Explore}}, {{Explain}}, and {{Examine Predictive Models}}},
  author = {Biecek, Przemyslaw and Burzykowski, Tomasz},
  year = {2021},
  publisher = {{Chapman and Hall/CRC}},
  address = {{New York}},
  url = {https://ema.drwhy.ai/},
  isbn = {978-0-367-13559-1}
}

@incollection{Blanco2013,
  title = {Case-{{Based Reasoning Applied}} to {{Medical Diagnosis}} and {{Treatment}}},
  booktitle = {Distributed {{Computing}} and {{Artificial Intelligence}}},
  author = {Blanco, Xiomara and Rodr{\'i}guez, Sara and Corchado, Juan M. and Zato, Carolina},
  editor = {Omatu, Sigeru and Neves, Jos{\'e} and Rodriguez, Juan M. Corchado and Paz Santana, Juan F and Gonzalez, Sara Rodr{\'i}guez},
  year = {2013},
  volume = {217},
  pages = {137--146},
  publisher = {{Springer International Publishing}},
  address = {{Cham}},
  doi = {10.1007/978-3-319-00551-5_17},
  isbn = {978-3-319-00550-8 978-3-319-00551-5}
}

@article{Brauneck2023,
  title = {Federated {{Machine Learning}}, {{Privacy-Enhancing Technologies}}, and {{Data Protection Laws}} in {{Medical Research}}: {{Scoping Review}}},
  author = {Brauneck, Alissa and Schmalhorst, Louisa and Majdabadi, Mohammad Mahdi Kazemi and Bakhtiari, Mohammad and V{\"o}lker, Uwe and Baumbach, Jan and Baumbach, Linda and Buchholtz, Gabriele},
  year = {2023},
  month = mar,
  journal = {Journal of Medical Internet Research},
  volume = {25},
  number = {1},
  pages = {e41588},
  publisher = {{JMIR Publications Inc., Toronto, Canada}},
  doi = {10.2196/41588},
  langid = {english}
}

@article{Brown2016,
  title = {Patient {{Similarity}}: {{Emerging Concepts}} in {{Systems}} and {{Precision Medicine}}},
  author = {Brown, Sherry-Ann},
  year = {2016},
  month = nov,
  journal = {Frontiers in Physiology},
  volume = {7},
  issn = {1664-042X},
  doi = {10.3389/fphys.2016.00561}
}

@article{Cassimatis2010a,
  title = {An {{Architecture}} for {{Adaptive Algorithmic Hybrids}}},
  author = {Cassimatis, Nicholas and Bignoli, Perrin and Bugajska, Magdalena and Dugas, Scott and Kurup, Unmesh and Murugesan, Arthi and Bello, Paul},
  year = {2010},
  month = jun,
  journal = {IEEE Transactions on Systems, Man, and Cybernetics, Part B (Cybernetics)},
  volume = {40},
  number = {3},
  pages = {903--914},
  issn = {1941-0492},
  doi = {10.1109/TSMCB.2009.2033262}
}

@article{Choudhury2016,
  title = {A {{Survey}} on {{Case-based Reasoning}} in {{Medicine}}},
  author = {Choudhury, Nabanita and Begum, Shahin Ara},
  year = {2016},
  journal = {International Journal of Advanced Computer Science and Applications},
  volume = {7},
  number = {8},
  issn = {21565570, 2158107X},
  doi = {10.14569/IJACSA.2016.070820},
  langid = {english}
}

@article{Dai2020,
  title = {Patient Similarity: Methods and Applications},
  author = {Dai, Leyu and Zhu, He and Liu, Dianbo},
  year = {2020},
  month = dec,
  journal = {arXiv:2012.01976 [cs]},
  eprint = {2012.01976},
  primaryclass = {cs},
  url = {http://arxiv.org/abs/2012.01976},
  archiveprefix = {arxiv},
  keywords = {Computer Science - Machine Learning}
}

@incollection{Gierl1998a,
  title = {{{CBR}} in {{Medicine}}},
  booktitle = {Case-{{Based Reasoning Technology}}},
  author = {Gierl, Lothar and Bull, Mathias and Schmidt, Rainer},
  editor = {Lenz, Mario and Burkhard, Hans-Dieter and {Bartsch-Sp{\"o}rl}, Brigitte and Wess, Stefan},
  year = {1998},
  volume = {1400},
  pages = {273--297},
  publisher = {{Springer Berlin Heidelberg}},
  address = {{Berlin, Heidelberg}},
  doi = {10.1007/3-540-69351-3_11},
  isbn = {978-3-540-64572-6 978-3-540-69351-2},
  langid = {english}
}

@inproceedings{Goyal2008,
  title = {Disorder Inequality: A Combinatorial Approach to Nearest Neighbor Search},
  booktitle = {Proceedings of the 2008 {{International Conference}} on {{Web Search}} and {{Data Mining}}},
  author = {Goyal, Navin and Lifshits, Yury and Sch{\"u}tze, Hinrich},
  year = {2008},
  month = feb,
  series = {{{WSDM}} '08},
  pages = {25--32},
  publisher = {{Association for Computing Machinery}},
  address = {{New York, NY, USA}},
  doi = {10.1145/1341531.1341538},
  isbn = {978-1-59593-927-2}
}

@incollection{Jenhani2010,
  title = {Possibilistic {{Similarity Measures}}},
  booktitle = {Foundations of {{Reasoning}} under {{Uncertainty}}},
  author = {Jenhani, Ilyes and Benferhat, Salem and Elouedi, Zied},
  editor = {{Bouchon-Meunier}, Bernadette and Magdalena, Luis and {Ojeda-Aciego}, Manuel and Verdegay, Jos{\'e}-Luis and Yager, Ronald R.},
  year = {2010},
  series = {Studies in {{Fuzziness}} and {{Soft Computing}}},
  pages = {99--123},
  publisher = {{Springer}},
  address = {{Berlin, Heidelberg}},
  doi = {10.1007/978-3-642-10728-3_6},
  isbn = {978-3-642-10728-3},
  langid = {english}
}

@article{Kaltoft2016,
  title = {Towards {{Integrating}} the {{Principlist}} and {{Casuist Approaches}} to {{Ethical Decisions}} via {{Multi-Criterial Support}}},
  author = {Kaltoft, Mette Kjer and Nielsen, Jesper Bo and Salkeld, Glenn and Dowie, Jack},
  year = {2016},
  journal = {Nursing Informatics 2016},
  pages = {540--544},
  publisher = {{IOS Press}},
  doi = {10.3233/978-1-61499-658-3-540}
}

@article{Kolodner1992,
  title = {An Introduction to Case-Based Reasoning},
  author = {Kolodner, Janet L.},
  year = {1992},
  month = mar,
  journal = {Artificial Intelligence Review},
  volume = {6},
  number = {1},
  pages = {3--34},
  issn = {1573-7462},
  doi = {10.1007/BF00155578},
  langid = {english}
}

@incollection{Liu2019a,
  title = {Precision {{Delivery}} in {{Critical Care}}: {{Balancing Prediction}} and {{Personalization}}},
  booktitle = {Annual {{Update}} in {{Intensive Care}} and {{Emergency Medicine}} 2019},
  author = {Liu, V. X. and Prescott, H. C.},
  editor = {Vincent, Jean-Louis},
  year = {2019},
  series = {Annual {{Update}} in {{Intensive Care}} and {{Emergency Medicine}}},
  pages = {15--27},
  publisher = {{Springer International Publishing}},
  address = {{Cham}},
  doi = {10.1007/978-3-030-06067-1_2},
  isbn = {978-3-030-06067-1},
  langid = {english}
}

@article{Longhurst2014,
  title = {A `{{Green Button}}' {{For Using Aggregate Patient Data At The Point Of Care}}},
  author = {Longhurst, Christopher A. and Harrington, Robert A. and Shah, Nigam H.},
  year = {2014},
  month = jul,
  journal = {Health Affairs},
  volume = {33},
  number = {7},
  pages = {1229--1235},
  publisher = {{Health Affairs}},
  issn = {0278-2715},
  doi = {10.1377/hlthaff.2014.0099}
}

@article{Maglo2012,
  title = {Group-{{Based}} and {{Personalized Care}} in an {{Age}} of {{Genomic}} and {{Evidence-Based Medicine}}: {{A Reappraisal}}},
  author = {Maglo, Koffi N.},
  year = {2012},
  journal = {Perspectives in Biology and Medicine},
  volume = {55},
  number = {1},
  pages = {137--154},
  publisher = {{Johns Hopkins University Press}},
  issn = {1529-8795},
  doi = {10.1353/pbm.2012.0006}
}

@article{Matarese2022,
  title = {Kinds of {{Replicability}}: {{Different Terms}} and {{Different Functions}}},
  author = {Matarese, Vera},
  year = {2022},
  month = dec,
  journal = {Axiomathes},
  volume = {32},
  number = {2},
  pages = {647--670},
  issn = {1572-8390},
  doi = {10.1007/s10516-021-09610-2},
  langid = {english}
}

@book{Molnar2023,
  title = {Interpretable {{Machine Learning}}: {{A Guide}} for {{Making Black Box Models Explainable}}},
  author = {Molnar, Christoph},
  year = {2023},
  month = aug,
  url = {https://christophm.github.io/interpretable-ml-book}
}

@article{Montani2011,
  title = {How to Use Contextual Knowledge in Medical Case-Based Reasoning Systems: {{A}} Survey on Very Recent Trends},
  author = {Montani, Stefania},
  year = {2011},
  month = feb,
  journal = {Artificial Intelligence in Medicine},
  series = {Advances in {{Case-Based Reasoning}} in the {{Health Sciences}}},
  volume = {51},
  number = {2},
  pages = {125--131},
  issn = {0933-3657},
  doi = {10.1016/j.artmed.2010.09.004},
  langid = {english}
}

@article{Moshawrab2023,
  title = {Reviewing {{Federated Machine Learning}} and {{Its Use}} in {{Diseases Prediction}}},
  author = {Moshawrab, Mohammad and Adda, Mehdi and Bouzouane, Abdenour and Ibrahim, Hussein and Raad, Ali},
  year = {2023},
  month = jan,
  journal = {Sensors},
  volume = {23},
  number = {4},
  pages = {2112},
  publisher = {{Multidisciplinary Digital Publishing Institute}},
  issn = {1424-8220},
  doi = {10.3390/s23042112},
  copyright = {http://creativecommons.org/licenses/by/3.0/},
  langid = {english}
}

@inproceedings{Nilsson2004,
  title = {Advancement and {{Trends}} in {{Medical Case-Based Reasoning}}: {{An Overview}} of {{Systems}} and {{System Development}}},
  booktitle = {Proceedings of the {{Seventeenth International Florida Artificial Intelligence Research Society Conference}}, {{FLAIRS}} 2004},
  author = {Nilsson, Markus and Sollenborn, Mikael},
  year = {2004},
  month = may,
  pages = {178--183},
  address = {{Miami Beach, FL, USA}},
  url = {https://www.diva-portal.org/smash/record.jsf?pid=diva2%3A121256}
}

@article{Parimbelli2018,
  title = {Patient Similarity for Precision Medicine: {{A}} Systematic Review},
  author = {Parimbelli, E. and Marini, S. and Sacchi, L. and Bellazzi, R.},
  year = {2018},
  month = jul,
  journal = {Journal of Biomedical Informatics},
  volume = {83},
  pages = {87--96},
  issn = {15320464},
  doi = {10.1016/j.jbi.2018.06.001},
  langid = {english}
}

@article{Plesser2018,
  title = {Reproducibility vs. {{Replicability}}: {{A Brief History}} of a {{Confused Terminology}}},
  author = {Plesser, Hans E.},
  year = {2018},
  journal = {Frontiers in Neuroinformatics},
  volume = {11},
  issn = {1662-5196},
  url = {https://www.frontiersin.org/articles/10.3389/fninf.2017.00076}
}

@inproceedings{Plumb2018,
  title = {Model {{Agnostic Supervised Local Explanations}}},
  booktitle = {Advances in {{Neural Information Processing Systems}}},
  author = {Plumb, Gregory and Molitor, Denali and Talwalkar, Ameet S},
  year = {2018},
  volume = {31},
  publisher = {{Curran Associates, Inc.}},
  url = {https://proceedings.neurips.cc/paper_files/paper/2018/hash/b495ce63ede0f4efc9eec62cb947c162-Abstract.html}
}

@article{PRISMASGroup2021,
  title = {{{PRISMA-S}}: An Extension to the {{PRISMA Statement}} for {{Reporting Literature Searches}} in {{Systematic Reviews}}},
  author = {{PRISMA-S Group} and Rethlefsen, Melissa L. and Kirtley, Shona and Waffenschmidt, Siw and Ayala, Ana Patricia and Moher, David and Page, Matthew J. and Koffel, Jonathan B.},
  year = {2021},
  month = dec,
  journal = {Systematic Reviews},
  volume = {10},
  number = {1},
  pages = {39},
  issn = {2046-4053},
  doi = {10.1186/s13643-020-01542-z},
  langid = {english}
}

@article{Sharafoddini2017,
  title = {Patient {{Similarity}} in {{Prediction Models Based}} on {{Health Data}}: {{A Scoping Review}}},
  author = {Sharafoddini, Anis and Dubin, Joel A and Lee, Joon},
  year = {2017},
  month = mar,
  journal = {JMIR Medical Informatics},
  volume = {5},
  number = {1},
  pages = {e7},
  issn = {2291-9694},
  doi = {10.2196/medinform.6730},
  langid = {english}
}

@article{Stange2009,
  title = {A {{Science}} of {{Connectedness}}},
  author = {Stange, Kurt C.},
  year = {2009},
  month = sep,
  journal = {The Annals of Family Medicine},
  volume = {7},
  number = {5},
  pages = {387--395},
  publisher = {{The Annals of Family Medicine}},
  issn = {1544-1709, 1544-1717},
  doi = {10.1370/afm.990},
  chapter = {Editorials},
  copyright = {\textcopyright{} 2009 Annals of Family Medicine, Inc.},
  langid = {english},
  pmid = {19752466}
}

@article{Thomas2008,
  title = {Methods for the Thematic Synthesis of Qualitative Research in Systematic Reviews},
  author = {Thomas, James and Harden, Angela},
  year = {2008},
  month = jul,
  journal = {BMC Medical Research Methodology},
  volume = {8},
  number = {1},
  pages = {45},
  issn = {1471-2288},
  doi = {10.1186/1471-2288-8-45}
}

@article{Tranfield2003,
  title = {Towards a {{Methodology}} for {{Developing Evidence-Informed Management Knowledge}} by {{Means}} of {{Systematic Review}}},
  author = {Tranfield, David and Denyer, David and Smart, Palminder},
  year = {2003},
  journal = {British Journal of Management},
  volume = {14},
  number = {3},
  pages = {207--222},
  issn = {1467-8551},
  doi = {10.1111/1467-8551.00375},
  langid = {english}
}

@article{Welch2013,
  title = {Clinical Decision Support for Genetically Guided Personalized Medicine: A Systematic Review},
  author = {Welch, Brandon M and Kawamoto, Kensaku},
  year = {2013},
  month = mar,
  journal = {Journal of the American Medical Informatics Association},
  volume = {20},
  number = {2},
  pages = {388--400},
  issn = {1067-5027, 1527-974X},
  doi = {10.1136/amiajnl-2012-000892},
  langid = {english}
}

@inproceedings{Xing2002,
  title = {Distance {{Metric Learning}} with {{Application}} to {{Clustering}} with {{Side-Information}}},
  booktitle = {Advances in {{Neural Information Processing Systems}}},
  author = {Xing, Eric and Jordan, Michael and Russell, Stuart J and Ng, Andrew},
  year = {2002},
  volume = {15},
  publisher = {{MIT Press}},
  url = {https://proceedings.neurips.cc/paper/2002/hash/c3e4035af2a1cde9f21e1ae1951ac80b-Abstract.html}
}

@phdthesis{Yang2006,
  title = {Distance {{Metric Learning}}: {{A Comprehensive Survey}}},
  author = {Yang, Liu},
  year = {2006},
  month = may,
  address = {{Department of Computer Science and Engineering}},
  url = {http://www.cs.cmu.edu/~./liuy/frame_survey_v2.pdf},
  langid = {english},
  school = {Michigan State University}
}
